%% This BibTeX bibliography file was created using BibDesk.
%% http://bibdesk.sourceforge.net/


%% Created for Michael C Frank at 2011-01-29 23:52:40 -0800 


%% Saved with string encoding Unicode (UTF-8) 

@book{vonNeumann:1944,
	author = {J. {von Neumann} and O. Morgenstern},
	year = {1944},
	title = {Theory of games and economic behavior},
	publisher = {Princeton University Press}}


@book{gelman2007,
	Author = {Gelman, A. and Hill, J},
	Date-Added = {2011-01-29 23:52:36 -0800},
	Date-Modified = {2011-01-29 23:52:40 -0800},
	Publisher = {Cambridge University Press Cambridge},
	Title = {Data analysis using regression and multilevel/hierarchical models},
	Volume = {625},
	Year = {2007}}

@book{gelman2004,
	Author = {Gelman, A.},
	Date-Added = {2011-01-29 23:10:02 -0800},
	Date-Modified = {2011-01-29 23:10:07 -0800},
	Isbn = {158488388X},
	Publisher = {CRC press},
	Title = {Bayesian data analysis},
	Year = {2004}}

@inproceedings{frank2009,
	Author = {Frank, M.C. and Goodman, N. and Tenenbaum, J.B. and Fernald, A.},
	Booktitle = {{Proceedings of the 31st Annual Meeting of the Cognitive Science Society}},
	pages={1418-1423},
	Title = {Continuity of Discourse Provides Information for Word Learning},
	Year = {2009}}

@article{fernald1993,
	Author = {Fernald, A. and Morikawa, H.},
	Journal = {Child Development},
	Pages = {637-656},
	Title = {Common themes and cultural variations in {Japanese and American} mothers' speech to infants},
	Volume = {64},
	Year = {1993}}

@techreport{Hobbs:1985,
	Author = {J. R. Hobbs},
	Institution = {Report No. 85-37, CSLI, Stanford},
	Title = {On the Coherence and Structure of Discourse},
	Year = {1985}}

@book{Kehler:2002,
	Address = {Stanford, CA},
	Author = {A. Kehler},
	Publisher = {CSLI Publications},
	Title = {Coherence, reference, and the theory of grammar},
	Year = {2002}}

@article{Mann:1988,
	Author = {W. C. Mann and S. A. Thompson},
	Journal = {Text},
	Pages = {243-281},
	Title = {Rhetorical Structure Theory: Toward a Functional Theory of Text Organization},
	Volume = {8},
	Year = {1988}}

@book{Asher:2003,
	Address = {Cambridge},
	Author = {N. Asher and A. Lascarides},
	Publisher = {Cambridge University Press},
	Title = {Logics of {Conversation}},
	Year = {2003}}

@book{Halliday:1976,
	Address = {London},
	Author = {Halliday, M. A. K. and Hasan, R.},
	Publisher = {Longman},
	Title = {Cohesion in English},
	Year = {1976}}

@incollection{Grice:1975,
	Address = {NY},
	Author = {Grice, H. P.},
	Booktitle = {Speech Acts},
	Editor = {Cole, P. and Morgan, J. L.},
	Publisher = {Academic Press},
	Title = {Logic and conversation},
	Year = {1975}}

@book{Clark:1996,
	Author = {Clark, H.},
	Publisher = {Cambridge Univ Press},
	Title = {Using Language},
	Year = {1996}}

@article{Brennan:1996,
	author = {Brennan, S. E. and Clark, H. H.},
	year= {1996},
	title = {Conceptual pacts and lexical choice in conversation},
	journal ={Journal of Experimental Psychology: Learning, Memory, and Cognition}, 
	volume = {22}, 
	pages = {1482--1493}}

@article{Arnold:2007, 
	author = {Arnold, J. E. and Griffin, Z.},
	year = {2007},
	title = {The Effect of Additional Characters on Choice of Referring Expression: Everyone Competes},
	journal = {Journal of Memory and Language},
	volume = {56}, 
	pages = {521--536}}

@incollection{Arnold:2007b,
	author = {Arnold, J. E. and Tanenhaus, M. K.},
	year = {2007},
	title = {Disfluency effects in comprehension: How new information can become accessible},
	booktitle = {The processing and acquisition of reference},
	editor = {E. Gibson and N. Perlmutter},
	publisher = {MIT Press}}

@article{Arnold:2007c,
		author = {J. E. Arnold and C. L. Hudson Kam and M. K. Tanenhaus},
		year = {2007},
		title = {If You Say Thee uh You Are Describing Something Hard: The On-Line Attribution of Disfluency During Reference Comprehension},
		journal = {Journal of Experimental Psychology:  Learning, Memory, and Cognition},
		volume = {33(5)},
		pages = {914--930}}

@InCollection{SEP-implicature:2010,
	author       =	{Davis, Wayne},
	title        =	{Implicature},
	booktitle    =	{The Stanford Encyclopedia of Philosophy},
	editor       =	{Edward N. Zalta},
	year         =	{2010},
	edition      =	{Winter 2010},
}


@book{Clark:2011,
	author = {R. Clark},
	year = {2011},
	title = {Meaningful Games:  Exploring Language with Game Theory},
	publisher = {MIT Press}}

@article{Oldenfield:1965,
	author = {Oldenfield, R.C. and Wingfield, A.},
	year = {1965},
	title = {Response Latencies in Naming Objects},
	journal = {The Quarterly Journal of Experimental Psychology},
	volume = {17(4)},
	pages = {273--381}}

@book{Benz:2005,
	author = {A. Benz and G. J\"ager and R. van Rooij},
	year = {2005},
	title = {Game Theory and Pragmatics},
	publisher = {Palgrave Macmillan}}

@article{Garrod:2004,
	author = {Garrod, S. and Pickering, M. J.},
	year={2004},
	title = {Why is conversation so easy?},
	journal = {Trends in Cognitive Sciences},
	volume =  {8},
	pages = {8-11}}

@book{Lewis:1969,
	author = {D. Lewis},
	year = {1969},
	title = {Convention},
	publisher = {Harvard University Press}}

@article{Jaeger:2008,
	author = {G. J\"ager},
	year = {2008},
	title = {Applications of game theory in linguistics}, 
	journal = {Language and Linguistics Compass},
	volume =  {2/3}, 
	pages = {408--421}}

@article{Altmann:1988,
	Author = {Altmann, G. T. M and Steedman, M.},
	Journal = {Cognition},
	Pages = {191-238},
	Title = {Interaction with context during human sentence processing},
	Volume = {30},
	Year = {1988}}

@article{Sedivy:2002,
	Author = {J. C. Sedivy},
	Journal = {Journal of Memory and Language},
	Pages = {341-370},
	Title = {Invoking Discourse-Based Contrast Sets and Resolving Syntactic Ambiguities},
	Volume = {46},
	Year = {2002}}

@article{Rohde:2011,
	Author = {Rohde, H. and Levy, R. and Kehler, A.},
	Journal = {Cognition},
	Title = {Anticipating explanations in relative clause processing},
	Year = {in press}}

@article{Snedeker:2004,
	Author = {Snedeker, J. and Trueswell, J.},
	Journal = {Cognitive Psychology},
	Pages = {238-299},
	Title = {The developing constraints on parsing decisions: The role of lexical-biases and referential scenes in child and adult sentence processing},
	Volume = {49},
	Year = {2004}}

@article{Fernald:1998,
	Author = {Fernald, A. and Pinto, J. P. and Swingley, D. and Weinberg, A. and McRoberts, G. W.},
	Journal = {Psychological Science},
	Pages = {228-231},
	Title = {Rapid gains in speed of verbal processing by infants in the second year},
	Volume = {9(3)},
	Year = {1998}}

@article{Arnold:2001,
	Author = {J. E. Arnold},
	Journal = {Discourse Processes},
	Pages = {137-162},
	Title = {The effects of thematic roles on pronoun use and frequency of reference},
	Volume = {31},
	Year = {2001}}

@article{Gordon:1993,
	Author = {P. C. Gordon and B. J. Grosz and L. A. Gilliom},
	Journal = {Cognitive Science},
	Pages = {311-347},
	Title = {Pronouns, names, and the centering of attention in discourse},
	Volume = {17},
	Year = {1993}}

@article{Grosz:1995,
	Author = {B. J. Grosz and A. K. Joshi and S. Weinstein},
	Journal = {Computational Linguistics},
	Pages = {203-225},
	Title = {Centering: A framework for modeling the local coherence of discourse},
	Volume = {21},
	Year = {1995}}

@article{Kehler:2008,
	Author = {A. Kehler and L. Kertz and H. Rohde and J. Elman},
	Journal = {Jo. of Semantics},
	Pages = {1-44},
	Title = {Coherence and Coreference Revisited},
	Volume = {25},
	Year = {2008}}

@article{Gleitman:1990,
	Author = {Gleitman, L.},
	Journal = {Language Acquisition},
	Pages = {3-55},
	Title = {The structural sources of verb meanings},
	Volume = {1},
	Year = {1990}}

@article{baayen-etal:2008jml,
	Author = {R. Harald Baayen and D. J. Davidson and D. M. Bates},
	Journal = {Journal of Memory and Language {\em (Special issue on Emerging Data Analysis)}},
	Pages = {390--412},
	Title = {Mixed-effects modeling with crossed random effects for subjects and items},
	Volume = {59},
	Year = {2008}}

@inproceedings{GenzelCharniak:2002,
	Author = {D. Genzel and E. Charniak},
	Booktitle = {{Proceedings of the 40th Annual Meeting of the Association for Computational Linguistics}},
	Title = {Entropy Rate Constancy in Text},
	Year = {2002}}

@incollection{LevyJaeger:2007,
	Address = {Cambridge},
	Author = {Levy, R. and Jaeger, T. F.},
	Booktitle = {Advances in neural information processing systems},
	Editor = {B. Schl\"{o}kopf and J. Platt and T. Hoffman},
	Publisher = {MIT Press},
	Title = {Speakers optimize information density through syntactic reduction},
	Year = {2007}}

@article{Jaeger:2010,
  author = {T. F. Jaeger},
  year = {2010},
  title = {Redundancy and Reduction: Speakers Manage Information Density},
  journal = {Cognitive Psychology},
  volume = {61},
  number = {1},
  pages = {23--62}}

@article{Piantadosi:2011,
  title = {The communicative function of ambiguity in language},
  author = {Piantadosi, S.T. and Tily, H. and Gibson, E.},
  year = {2011},
  journal = {Cognition},
  volume = {122},
  pages = {280--291}}

@incollection{Horton:2008,
	author = {W. S. Horton},
	year = {2008},
	title = {A memory-based approach to common ground and audience design},
	editor ={I. Kecskes}, 
	booktitle = {Intention, common ground, and the egocentric speaker-hearer},
	pages = {189--222},
	publisher ={Mouton de Gruyter}}

@book{Ariel:1990,
	Address = {London},
	Author = {Ariel, M.},
	Publisher = {Routledge},
	Title = {{Accessing Noun-Phrase Antecedents}},
	Year = {1990}}

@article{Gundel:1993,
	Author = {Gundel, J. and N. Hedberg and R. Zacharski},
	Journal = {Language},
	Pages = {274-307},
	Title = {Cognitive status and the form of referring expressions in discourse},
	Volume = {69},
	Year = {1993}}

@book{Lambrecht:1994,
	Address = {Cambridge},
	Author = {K. Lambrecht},
	Publisher = {Cambridge University Press},
	Title = {Information structure and sentence form: Topic, focus, and the mental representations of discourse referents},
	Year = {1994}}

@incollection{Baldwin:1995,
	Author = {D. A. Baldwin},
	Booktitle = {Joint attention: its origins and role in development},
	Editor = {C. Moore and P. J. Dunham},
	Title = {Understanding the link between joint attention and language},
	Year = {1995}}

@article{Carpenter:1998,
	Author = {Carpenter, M. and Nagell, K. and Tomasello, M.},
	Journal = {Monographs of the Society for Research in Child Development},
	Title = {Social cognition, joint attention, and communicative competence from 9 to 15 months of age},
	Volume = {63(4)},
	Year = {1998}}

@incollection{Stalnaker:2005,
	author= {R. Stalnaker},
	year = {2005},
	title = {Saying and Meaning, Cheap Talk and Credibility},
	booktitle = {Game Theory and Pragmatics},
	editor = {A. Benz and G. J\"ager and R. {van Rooij}},
	publisher = {Palgrave Macmillan},
	pages = {83-100}}

@inproceedings{Golland2010,
	Author = {Golland, Dave and Liang, Percy and Klein, Dan},
	Booktitle = {{Proceedings of the 2010 Conference on Empirical Methods in Natural Language Processing}},
	pages={410-419},
	Title = {A Game-Theoretic Approach to Generating Spatial Descriptions},
	Year = {2010}}

@article{vanDeemter2009,
	Author = {van Deemter, K.},
	Journal = {Journal of Philosophical Logic},
	Title = {Utility and Language Generation: The Case of Vagueness},
	Volume = {38(6)},
	pages = {607-632},
	Year = {2009}}

@inproceedings{Schlangen2007,
	Author = {Schlangen, D. and Fernandez, R.},
	Booktitle = {{Proceedings of Interspeech 2007 (ICSLP2007)}},
	Title = {Speaking through a noisy channel: Experiments on inducing clarification behaviour in human-human dialogue},
	Year = {2007}}

@Book{agresti:2002,
  author =       {A. Agresti},
  title =        {Categorical Data Analysis},
  publisher =    {Wiley},
  year =         {2002},
  edition =      {second}}

@book{engelbrecht2005,
  title={Fundamentals of Computational Swarm Intelligence},
  author={Andries P. Engelbrecht},
  isbn={9780470091913},
  lccn={2005054855},
  year={2005},
  publisher={John Wiley \& Sons Ltd., England}
}

@inproceedings{rohde2012,
  title={Communicating with cost-based implicature: A game-theoretic approach to ambiguity},
  author={Rohde, Hannah and others},
  booktitle={The 16th Workshop on the Semantics and Pragmatics of Dialogue},
  year={2012},
  address={Paris}
}

@inproceedings{kennedy1995, 
  author={Kennedy, J. and Eberhart, R.}, 
  booktitle={{IEEE} International Conference on Neural Networks, 1995. {P}roceedings.}, 
  title={Particle swarm optimization}, 
  year={1995}, 
  volume={4}, 
  pages={1942-1948},
  doi={10.1109/ICNN.1995.488968}
}

@inproceedings{kennedy1997, 
  author={Kennedy, J.}, 
  booktitle={{IEEE} International Conference on Evolutionary Computation, 1997.}, 
  title={The particle swarm: social adaptation of knowledge}, 
  year={1997}, 
  pages={303-308}, 
  doi={10.1109/ICEC.1997.592326},
}

@article{liu2014,
  author={Liu, H. and Xu, G. and Ding, G. and Sun, Y.},
  title={Human Behavior-Based Particle Swarm Optimization},
  journal={The Scientific World Journal},
  year={2014}, 
  publisher={Hindawi Publishing Corporation},
  doi={10.1155/2014/194706}
}

@inproceedings{hale2001,
  title={A probabilistic {E}arley parser as a psycholinguistic model},
  author={Hale, John},
  booktitle={Proceedings of the second meeting of the North American Chapter of the Association for Computational Linguistics on Language technologies},
  pages={1-8},
  year={2001},
  organization={Association for Computational Linguistics},
  doi={10.3115/1073336.1073357},
  acmid={1073357},
  publisher={Association for Computational Linguistics},
  address={Stroudsburg, PA, USA},
}

@incollection{kirby2002,
  title={The emergence of linguistic structure: An overview of the iterated learning model},
  author={Kirby, Simon and Hurford, James R},
  booktitle={Simulating the evolution of language},
  pages={121-147},
  year={2002},
  isbn={978-1-85233-428-4},
  editor={Cangelosi, Angelo and Parisi, Domenico},
  doi={10.1007/978-1-4471-0663-0_6},
  publisher={Springer London},
}

@article{frank2012,
  title={Predicting pragmatic reasoning in language games},
  author={Frank, Michael C and Goodman, Noah D},
  journal={Science},
  volume={336},
  number={6084},
  pages={998-998},
  year={2012},
  publisher={American Association for the Advancement of Science}
}

@incollection{yang2014,
  title={Chapter 7 - {P}article Swarm Optimization},
  booktitle={Nature-Inspired Optimization Algorithms},
  publisher={Elsevier},
  address={Oxford},
  year={2014},
  pages={99-110},
  isbn={978-0-12-416743-8},
  doi={10.1016/B978-0-12-416743-8.00007-5},
  author={Yang, Xin-She}
}

@book{davis1991,
  title={Handbook of genetic algorithms},
  author={Davis, Lawrence},
  year={1991},
  isbn={978-0442001735},
  publisher={Van Nostrand Reinhold},
  address={New York}
}

@incollection{heppner1990,
  title={A stochastic nonlinear model for coordinated bird flocks},
  author={Heppner, Frank and Grenander, Ulf},
  editor={Krasner, Saul},
  booktitle={The Ubiquity of Chaos},
  publisher={American Association for the Advancement of Science},
  year={1990},
  address={Washington, D.C},
  isbn={0871683504}
}

@incollection{chong2013,
  title={Particle swarm optimization},
  booktitle={An introduction to optimization},
  chapter={Global search algorithms},
  author={Chong, Edwin and Zak, Stanislaw},
  year={2013},
  publisher={John Wiley \& Sons},
  address = {Hoboken, New Jersey},
  isbn = {978-1118279014}
}

@book{solnon2010,
  title={Ant colony optimization and constraint programming},
  author={Solnon, Christine},
  year={2010},
  publisher={Wiley Online Library},
  address={London Hoboken, NJ},
  isbn={978-1848211308}
}

@book{benz2005,
  title={An introduction to game theory for linguists},
  author={Benz, Anton and J{\"a}ger, Gerhard and Van Rooij, Robert},
  year={2005},
  publisher={Palgrave Macmillan},
  address={Basingstoke}
}

@inproceedings{shi1998,
  title={Parameter selection in particle swarm optimization},
  author={Shi, Yuhui and Eberhart, Russell},
  booktitle={Evolutionary programming {VII}},
  pages={591-600},
  year={1998},
  organization={Springer}
}

@article{chatterjee2005,
  author={Chatterjee, A. and Pulasinghe, K. and Watanabe, K. and Izumi, K.}, 
  journal={{IEEE} Transactions on Industrial Electronics}, 
  title={A particle-swarm-optimized fuzzy-neural network for voice-controlled robot systems}, 
  year={2005}, 
  volume={52}, 
  number={6}, 
  pages={1478-1489}, 
  doi={10.1109/TIE.2005.858737}, 
}

@inproceedings{mehdad2009,
  author={Mehdad, Yashar and Magnini, Bernardo},
  title={Optimizing Textual Entailment Recognition Using Particle Swarm Optimization},
  booktitle={Proceedings of the 2009 Workshop on Applied Textual Inference},
  year={2009},
  isbn={978-1-932432-48-0},
  pages={36-43},
  publisher={Association for Computational Linguistics},
  address={Stroudsburg, {PA}, {USA}},
}

@inproceedings{ahmadi2007, 
  author={Ahmadi, A. and Karray, F. and Kamel, M.}, 
  booktitle={{IEEE/SP} 14th Workshop on Statistical Signal Processing}, 
  title={Cooperative Swarms for Clustering Phoneme Data}, 
  year={2007}, 
  pages={606-610}, 
  doi={10.1109/SSP.2007.4301330},
}

@inproceedings{cheng2008, 
  author={Wang Cheng and Yang Bo and Li Lijun and Huang Hua}, 
  booktitle={International Conference on Information and Automation}, 
  title={A modified Particle Swarm Optimization-based human behavior modeling for emergency evacuation simulation system}, 
  year={2008}, 
  pages={23-28}, 
  doi={10.1109/ICINFA.2008.4607962},
}

@article{jaeger2008,
  title={Applications of game theory in linguistics},
  author={J{\"a}ger, Gerhard},
  journal={Language and Linguistics Compass},
  volume={2},
  number={3},
  pages={406-421},
  year={2008},
  publisher={Wiley Online Library}
}

@book{lewis1969,
  title={Convention: A Philosophical Study},
  author={Lewis, D.},
  year={1969},
  publisher={Harvard University Press}
}

@article{degen2012,
  title={Optimal reasoning about referential expressions},
  author={Degen, Judith and Franke, Michael},
  journal={Proceedings of {SemDIAL}},
  year={2012}
}

@article{mitchell1991,
  title={Spectrally optimal sampling for distribution ray tracing},
  author={Mitchell, Don},
  journal={{ACM SIGGRAPH} Computer Graphics},
  volume={25},
  number={4},
  pages={157-164},
  year={1991},
  publisher={{ACM}}
}

@phdthesis{helwig2010,
  title={Particle swarms for constrained optimization},
  author={Helwig, Sabine},
  year={2010},
  month={April},
  school={University of Erlangen-Nuremberg}
}

@incollection{blackwell2007,
  year={2007},
  isbn={978-3-540-49772-1},
  booktitle={Evolutionary Computation in Dynamic and Uncertain Environments},
  volume={51},
  series={Studies in Computational Intelligence},
  editor={Yang, Shengxiang and Ong, Yew-Soon and Jin, Yaochu},
  doi={10.1007/978-3-540-49774-5_2},
  title={Particle Swarm Optimization in Dynamic Environments},
  publisher={Springer Berlin Heidelberg},
  author={Blackwell, Tim},
  pages={29-49}
}

@article{brennan1996,
  title={Conceptual pacts and lexical choice in conversation.},
  author={Brennan, Susan E and Clark, Herbert H},
  journal={Journal of Experimental Psychology: Learning, Memory, and Cognition},
  volume={22},
  number={6},
  pages={1482},
  year={1996},
  publisher={American Psychological Association}
}

@article{grice1975,
  title={Syntax and semantics},
  author={Grice, H P},
  journal={Logic and conversation},
  volume={3},
  pages={41-58},
  year={1975}
}

@article{clark1982,
  title={Audience design in meaning and reference},
  author={Clark, Herbert H and Murphy, Gregory L},
  journal={Advances in psychology},
  volume={9},
  pages={287-299},
  year={1982},
  publisher={Elsevier}
}

@inproceedings{golland2010,
  title={A game-theoretic approach to generating spatial descriptions},
  author={Golland, Dave and Liang, Percy and Klein, Dan},
  booktitle={Proceedings of the 2010 conference on empirical methods in natural language processing},
  pages={410-419},
  year={2010},
  organization={Association for Computational Linguistics}
}

@article{horton1996,
  title={When do speakers take into account common ground?},
  author={Horton, William S and Keysar, Boaz},
  journal={Cognition},
  volume={59},
  number={1},
  pages={91-117},
  year={1996},
  publisher={Elsevier}
}

@article{smith2002,
  title={The cultural evolution of communication in a population of neural networks},
  author={Smith, Kenny},
  journal={Connection Science},
  volume={14},
  number={1},
  pages={65-84},
  year={2002},
  publisher={Taylor \& Francis}
}
 
