@book{engelbrecht2005,
  title={Fundamentals of Computational Swarm Intelligence},
  author={Andries P. Engelbrecht},
  isbn={9780470091913},
  lccn={2005054855},
  month={November},
  year={2005},
  publisher={John Wiley \& Sons Ltd., England}
}

@inproceedings{rohde2012,
  title={Communicating with cost-based implicature: A game-theoretic approach to ambiguity},
  author={Rohde, Hannah and Seyfarth, Scott and Clark, Brady and J{\"a}ger, Gerhard and Kaufmann, Stefan},
  booktitle={The 16th Workshop on the Semantics and Pragmatics of Dialogue},
  month={September},
  year={2012},
  address={Paris}
}

@inproceedings{kennedyeberhart1995, 
  author={Kennedy, J. and Eberhart, R.}, 
  booktitle={{IEEE} International Conference on Neural Networks, 1995. {P}roceedings.}, 
  title={Particle swarm optimization}, 
  year={1995}, 
  month={November}, 
  volume={4}, 
  pages={1942-1948}, 
  keywords={artificial intelligence;genetic algorithms;neural nets;search problems;simulation;artificial life;evolution;genetic algorithms;multidimensional search;neural network;nonlinear functions;optimization;particle swarm;simulation;social metaphor;Artificial neural networks;Birds;Educational institutions;Genetic algorithms;Humans;Marine animals;Optimization methods;Particle swarm optimization;Performance evaluation;Testing}, 
  doi={10.1109/ICNN.1995.488968}
}

@inproceedings{kennedy1997, 
  author={Kennedy, J.}, 
  booktitle={{IEEE} International Conference on Evolutionary Computation, 1997.}, 
  title={The particle swarm: social adaptation of knowledge}, 
  year={1997}, 
  month={April}, 
  pages={303-308}, 
  keywords={cognitive systems;knowledge representation;learning (artificial intelligence);neural nets;optimisation;search problems;simulation;social sciences;adaptive sharing;cognition;human societies;knowledge adaptation;knowledge processing;neural networks;optimization paradigm;particle swarm adaptation;particle swarm optimization;schematic knowledge representation;social adaptation;social collaborators;social science context;Collaboration;Context;Humans;Information processing;Multidimensional systems;Neural networks;Optimization methods;Particle swarm optimization;Psychology;Statistics}, 
  doi={10.1109/ICEC.1997.592326},
}

@Article{liu2014,
  author = {Liu, H. and Xu, G. and Ding, G. and Sun, Y.},
  title = {Human Behavior-Based Particle Swarm Optimization},
  journal = {The Scientific World Journal},
  month={April},
  year = {2014}, 
  publisher={Hindawi Publishing Corporation},
  doi={10.1155/2014/194706}
}

